@INPROCEEDINGS{smartadapbib,
	author = {Brice Morin and Gilles Vanwormhoudt and Alban Gaignard and Olivier Barais and Jean-marc Jézéquel},
	title = {Introducing Variability into Aspect-Oriented Modeling Approaches},
	booktitle = {Vanderbilt University, Springer-Verlag},
	year = {2007},
	pages = {498--513}
}
@incollection{matabib,
	year={2009},
	isbn={978-3-642-03763-4},
	booktitle={Transactions on Aspect-Oriented Software Development VI},
	volume={5560},
	series={Lecture Notes in Computer Science},
	editor={Katz, Shmuel and Ossher, Harold and France, Robert and Jézéquel, Jean-Marc},
	doi={10.1007/978-3-642-03764-1_6},
	title={MATA: A Unified Approach for Composing UML Aspect Models Based on Graph Transformation},
	url={http://dx.doi.org/10.1007/978-3-642-03764-1_6},
	publisher={Springer Berlin Heidelberg},
	author={Whittle, Jon and Jayaraman, Praveen and Elkhodary, Ahmed and Moreira, Ana and Araújo, João},
	pages={191-237}
}
@inproceedings{metamodelcompo,
    author = {Matthew Emerson and Janos Sztipanovits},
    title = {Techniques for metamodel composition},
    booktitle = {in The 6th OOPSLA Workshop on Domain-Specific Modeling, OOPSLA 2006},
    year = {2006},
    pages = {123--139},
    publisher = {ACM, ACM Press}
}

@inproceedings{composemanticanch, 
	author={Kai Chen and Sztipanovits, J. and Sandeep Neema}, 
	booktitle={Design, Automation Test in Europe Conference Exhibition, 2007. DATE '07}, 
	title={Compositional Specification of Behavioral Semantics}, 
	year={2007}, 
	pages={1-6}, 
	keywords={Unified Modeling Language;embedded systems;programming language semantics;DSML semantics;abstract state machine;abstract syntax metamodeling;behavioral semantics;compositional specification;domain-specific modeling languages;embedded software;embedded systems;reusable semantic units;semantic anchoring framework;semantic unit composition;Application software;Automata;Concrete;Embedded software;Formal specifications;Intersymbol interference;Metamodeling;Software design;Software systems;System analysis and design}, 
	doi={10.1109/DATE.2007.364408}
}


@article{monticore,
year={2010},
issn={1433-2779},
journal={International Journal on Software Tools for Technology Transfer},
volume={12},
number={5},
doi={10.1007/s10009-010-0142-1},
title={MontiCore: a framework for compositional development of domain specific languages},
url={http://dx.doi.org/10.1007/s10009-010-0142-1},
publisher={Springer-Verlag},
keywords={Domain specific language; Grammarware; Composition},
author={Krahn, Holger and Rumpe, Bernhard and Völkel, Steven},
pages={353-372},
language={English}
}

@inproceedings{neverlang,
  added-at = {2012-05-29T00:00:00.000+0200},
  author = {Cazzola, Walter},
  biburl = {http://www.bibsonomy.org/bibtex/2531bf0e3f8a4a07ccf49090fa372258f/dblp},
  booktitle = {Software Composition},
  crossref = {conf/soco/2012},
  editor = {Gschwind, Thomas and Paoli, Flavio De and Gruhn, Volker and Book, Matthias},
  ee = {http://dx.doi.org/10.1007/978-3-642-30564-1_11},
  interhash = {525bd5d7ebce1522d36f60ae715d40a0},
  intrahash = {531bf0e3f8a4a07ccf49090fa372258f},
  isbn = {978-3-642-30563-4},
  keywords = {dblp},
  pages = {162-177},
  publisher = {Springer},
  series = {Lecture Notes in Computer Science},
  timestamp = {2012-05-29T00:00:00.000+0200},
  title = {Domain-Specific Languages in Few Steps - The Neverlang Approach.},
  url = {http://dblp.uni-trier.de/db/conf/soco/sc2012.html#Cazzola12},
  volume = {7306},
  year = {2012}
}


@inproceedings{mergemanifest,
 author = {Brunet, Greg and Chechik, Marsha and Easterbrook, Steve and Nejati, Shiva and Niu, Nan and Sabetzadeh, Mehrdad},
 title = {A Manifesto for Model Merging},
 booktitle = {Proceedings of the 2006 International Workshop on Global Integrated Model Management},
 series = {GaMMa '06},
 year = {2006},
 isbn = {1-59593-410-3},
 location = {Shanghai, China},
 pages = {5--12},
 numpages = {8},
 url = {http://doi.acm.org/10.1145/1138304.1138307},
 doi = {10.1145/1138304.1138307},
 acmid = {1138307},
 publisher = {ACM},
 address = {New York, NY, USA},
 keywords = {distributed development, model management, nconsistency}
} 


@INPROCEEDINGS{epsilon,
    author = {Dimitrios S. Kolovos and Richard F. Paige and Fiona A. C. Polack},
    title = {Merging Models With the Epsilon Merging Language (EML},
    booktitle = {In Proc. ACM/IEEE 9th International Conference on Model Driven Engineering Languages and Systems (Models/UML 2006},
    year = {2006}
}

@incollection{aop,
year={1997},
isbn={978-3-540-63089-0},
booktitle={ECOOP'97 — Object-Oriented Programming},
volume={1241},
series={Lecture Notes in Computer Science},
editor={Akşit, Mehmet and Matsuoka, Satoshi},
doi={10.1007/BFb0053381},
title={Aspect-oriented programming},
url={http://dx.doi.org/10.1007/BFb0053381},
publisher={Springer Berlin Heidelberg},
author={Kiczales, Gregor and Lamping, John and Mendhekar, Anurag and Maeda, Chris and Lopes, Cristina and Loingtier, Jean-Marc and Irwin, John},
pages={220-242}
}

@INPROCEEDINGS{rambib,
    author = {Jacques Klein and Jörg Kienzle},
    title = {Reusable Aspect Models},
    booktitle = {IN: Proceedings. Of The 11th International Workshop On Aspect Oriented Modeling. },
    year = {2007},
    publisher = {}
}

@incollection{kompose,
 author = {Fleurey, Franck and Baudry, Benoit and France, Robert and Ghosh, Sudipto},
 chapter = {A Generic Approach for Automatic Model Composition},
 title = {Models in Software Engineering},
 editor = {Giese, Holger},
 year = {2008},
 isbn = {978-3-540-69069-6},
 pages = {7--15},
 numpages = {9},
 url = {http://dx.doi.org/10.1007/978-3-540-69073-3_2},
 doi = {10.1007/978-3-540-69073-3_2},
 acmid = {1423617},
 publisher = {Springer-Verlag},
 address = {Berlin, Heidelberg}
}

@inproceedings{semanticsanchoring,
 author = {Chen, Kai and Sztipanovits, Janos and Neema, Sandeep},
 title = {Toward a Semantic Anchoring Infrastructure for Domain-specific Modeling Languages},
 booktitle = {Proceedings of the 5th ACM International Conference on Embedded Software},
 series = {EMSOFT '05},
 year = {2005},
 isbn = {1-59593-091-4},
 location = {Jersey City, NJ, USA},
 pages = {35--43},
 numpages = {9},
 url = {http://doi.acm.org/10.1145/1086228.1086236},
 doi = {10.1145/1086228.1086236},
 acmid = {1086236},
 publisher = {ACM},
 address = {New York, NY, USA},
 keywords = {abstract syntax, domain-specific modeling language, model-integrated computing, semantic anchoring}
}

@techreport{coordmodels,
 author = {Papadopoulos, George A. and Arbab, Farhad},
 title = {Coordination Models and Languages},
 year = {1998},
 institution = {CWI (Centre for Mathematics and Computer Science)},
 address = {Amsterdam, The Netherlands, The Netherlands}
} 

@inproceedings{frameadlsbib,
 author = {Medvidovic, Nenad and Taylor, Richard N.},
 title = {A Framework for Classifying and Comparing Architecture Description Languages},
 booktitle = {Proceedings of the 6th European SOFTWARE ENGINEERING Conference Held Jointly with the 5th ACM SIGSOFT International Symposium on Foundations of Software Engineering},
 series = {ESEC '97/FSE-5},
 year = {1997},
 isbn = {3-540-63531-9},
 location = {Zurich, Switzerland},
 pages = {60--76},
 numpages = {17},
 url = {http://dx.doi.org/10.1145/267895.267903},
 doi = {10.1145/267895.267903},
 acmid = {267903},
 publisher = {Springer-Verlag New York, Inc.},
 address = {New York, NY, USA},
 keywords = {architecture description languages, classification, comparison, definition, software architecture}
} 

@incollection{dinatale,
year={2014},
isbn={978-3-319-11652-5},
booktitle={Model-Driven Engineering Languages and Systems},
volume={8767},
series={Lecture Notes in Computer Science},
editor={Dingel, Juergen and Schulte, Wolfram and Ramos, Isidro and Abrahão, Silvia and Insfran, Emilio},
doi={10.1007/EPTCS},
title={An MDA Approach for the Generation of Communication Adapters Integrating SW and FW Components from Simulink},
publisher={Springer International Publishing},
keywords={System Engineering; Model-Driven Architecture; Model- Based Design; Platform-Based Design; Automatic Code Generation},
author={Di Natale, Marco and Chirico, Francesco and Sindico, Andrea and Sangiovanni-Vincentelli, Alberto},
pages={353-369},
language={English}
}

@ARTICLE{mascotbib,
author={Bjureus, P. and Jantsch, A.}, 
journal={IEEE Transactions on Very Large Scale Integration (VLSI) Systems}, 
title={Modeling of mixed control and dataflow systems in MASCOT}, 
year={2001}, 
month={Oct}, 
volume={9}, 
number={5}
}

@InProceedings{modhelxbib,
  title={{Simulation of Multi-Formalism Models with ModHel'X}},
  author={Boulanger, F. and Hardebolle, C.},
  booktitle={Proceedings of ICST'08},
  pages={318-327},
  year={2008},
  organization={{IEEE Comp. Soc.}}
}

@incollection{ptoleframebib,
 author = {Buck, Joseph and Ha, Soonhoi and Lee, Edward A. and Messerschmitt, David G.},
 chapter = {Ptolemy: A Framework for Simulating and Prototyping Heterogeneous Systems},
 title = {Readings in Hardware/Software Co-design},
 editor = {De Micheli, Giovanni and Ernst, Rolf and Wolf, Wayne},
 year = {2002},
 isbn = {1-55860-702-1},
 pages = {527--543},
 numpages = {17},
 url = {http://dl.acm.org/citation.cfm?id=567003.567050},
 acmid = {567050},
 publisher = {Kluwer Academic Publishers},
 address = {Norwell, MA, USA},
 keywords = {heterogeneity, mixed-mode, object-oriented programming, prototyping, simulation}
} 

@article{lindabib,
	author = {Gelernter, David and Carriero, Nicholas},
	title = {Coordination Languages and Their Significance},
	journal = {Commun. ACM},
	issue_date = {Feb. 1992},
	volume = {35},
	number = {2},
	month = feb,
	year = {1992},
	issn = {0001-0782},
	pages = {97--107},
	numpages = {11},
	url = {http://doi.acm.org/10.1145/129630.129635},
	doi = {10.1145/129630.129635},
	acmid = {129635},
	publisher = {ACM},
	address = {New York, NY, USA},
	keywords = {Linda, coordination languages}
}

@MISC{esperbib,
	author = {Esper},
	title = {EsperTech},
	url = {http://esper.codehaus.org},
	year = {2009}
}

@article{manifoldbib,
	author = {Arbab, F. and Herman, I. and Spilling, P.},
	title = {An Overview of Manifold and Its Implementation},
	journal = {Concurrency: Pract. Exper.},
	issue_date = {Feb. 1993},
	volume = {5},
	number = {1},
	month = feb,
	year = {1993},
	issn = {1040-3108},
	pages = {23--70},
	numpages = {48},
	url = {http://dx.doi.org/10.1002/cpe.4330050103},
	doi = {10.1002/cpe.4330050103},
	acmid = {157276},
	publisher = {John Wiley and Sons Ltd.},
	address = {Chichester, UK}
}

@article{coordsignibib,
	author = {Gelernter, David and Carriero, Nicholas},
	title = {Coordination Languages and Their Significance},
	journal = {Commun. ACM},
	issue_date = {Feb. 1992},
	volume = {35},
	number = {2},
	month = feb,
	year = {1992},
	issn = {0001-0782},
	pages = {96--},
	url = {http://doi.acm.org/10.1145/129630.376083},
	acmid = {376083},
	publisher = {ACM},
	address = {New York, NY, USA}
} 

@incollection{wegnercoorbib,
	year={1996},
	isbn={978-3-540-61052-6},
	booktitle={Coordination Languages and Models},
	volume={1061},
	series={Lecture Notes in Computer Science},
	editor={Ciancarini, Paolo and Hankin, Chris},
	title={Coordination as constrained interaction (extended abstract)},
	url={http://dx.doi.org/10.1007/3-540-61052-9_37},
	publisher={Springer Berlin Heidelberg},
	author={Wegner, Peter},
	pages={28-33},
	language={English}
}

@article{rapidebib,
	author = {Luckham, David C. and Kenney, John J. and Augustin, Larry M. and Vera, James and Bryan, Doug and Mann, Walter},
	title = {Specification and Analysis of System Architecture Using Rapide},
	journal = {IEEE Trans. Softw. Eng.},
	issue_date = {April 1995},
	volume = {21},
	number = {4},
	month = apr,
	year = {1995},
	issn = {0098-5589},
	pages = {336--355},
	numpages = {20},
	url = {http://dx.doi.org/10.1109/32.385971},
	doi = {10.1109/32.385971},
	acmid = {205320},
	publisher = {IEEE Press},
	address = {Piscataway, NJ, USA},
	keywords = {Rapide, architecture definition languages, partially ordered event sets, architecture, prototyping, concurrency, simulation, formal constraints, constraint-based specification, event patterns, causality}
} 

@article{wrightbib,
	author = {Allen, Robert and Garlan, David},
	title = {A Formal Basis for Architectural Connection},
	journal = {ACM Trans. Softw. Eng. Methodol.},
	issue_date = {July 1997},
	volume = {6},
	number = {3},
	month = jul,
	year = {1997},
	issn = {1049-331X},
	pages = {213--249},
	numpages = {37},
	url = {http://doi.acm.org/10.1145/258077.258078},
	doi = {10.1145/258077.258078},
	acmid = {258078},
	publisher = {ACM},
	address = {New York, NY, USA},
	keywords = {WRIGHT, formal models, model-checking, module interconnection, software analysis}
} 

@ARTICLE{uniconbib, 
	author={Shaw, M. and DeLine, R. and Klein, D.V. and Ross, T.L. and Young, D.M. and Zelesnik, G.}, 
	journal={Software Engineering, IEEE Transactions on}, 
	title={Abstractions for software architecture and tools to support them}, 
	year={1995}, 
	month={Apr}, 
	volume={21}, 
	number={4}, 
	pages={314-335}, 
	keywords={data flow computing;scheduling;software engineering;software tools;specification languages;abstract interactions;abstractions;analysis tools;compatibility restrictions;component composition;component interactions;computational functionality;configuration constraints;data flow;idioms;informal patterns;initialization;model validation;notation;packaging;scheduling;software architecture;software design;software tools;specifications;system component descriptions;system construction mechanisms;Computer architecture;Computer languages;Computer science;Packaging;Scheduling;Software architecture;Software design;Software engineering;Software tools;System testing}, 
	doi={10.1109/32.385970}, 
	ISSN={0098-5589}}

@inproceedings{frameadlsbib,
	author = {Medvidovic, Nenad and Taylor, Richard N.},
	title = {A Framework for Classifying and Comparing Architecture Description Languages},
	booktitle = {Proceedings of the 6th European SOFTWARE ENGINEERING Conference Held Jointly with the 5th ACM SIGSOFT International Symposium on Foundations of Software Engineering},
	series = {ESEC '97/FSE-5},
	year = {1997},
	isbn = {3-540-63531-9},
	location = {Zurich, Switzerland},
	pages = {60--76},
	numpages = {17},
	url = {http://dx.doi.org/10.1145/267895.267903},
	doi = {10.1145/267895.267903},
	acmid = {267903},
	publisher = {Springer-Verlag New York, Inc.},
	address = {New York, NY, USA},
	keywords = {architecture description languages, classification, comparison, definition, software architecture}
} 

@techreport{garlansoftarchbib,
	author = {Garlan, David and Shaw, Mary},
	title = {An Introduction to Software Architecture},
	year = {1994},
	source = {http://www.ncstrl.org:8900/ncstrl/servlet/search?formname=detail\&id=oai%3Ancstrlh%3Acmucs%3ACMU%2F%2FCS-94-166},
	publisher = {Carnegie Mellon University},
	address = {Pittsburgh, PA, USA}
} 

@techreport{aadlbib,
	title={The Architecture Analysis \& Design Language (AADL): An Introduction},
	author={Peter Feiler and David Gluch and John Hudak},
	year={2006},
	number={CMU/SEI-2006-TN-011},
	institution={Software Engineering Institute, Carnegie Mellon University},
	address={Pittsburgh, PA},
	url={http://resources.sei.cmu.edu/library/asset-view.cfm?AssetID=7879} 
}

@phdthesis{clarabib,
	title = "Description et v\'erification d'architectures d'application temps réel : {CLARA} et les r\'eseaux de Petri temporels",
	author = "Durand, Emmanuel",
	series = "ANRT",
	publisher = "Ecole centrale de Nantes",
	school = "Nantes, ECN",
	address = "Nantes",
	url = "http://opac.inria.fr/record=b1064627",
	note = "Th. : automatique et informatique appliqu\'ees",
	year = 1998
}

@inproceedings{taxonomyConnectors,
	title={Towards a taxonomy of software connectors},
	author={Mehta, Nikunj R and Medvidovic, Nenad and Phadke, Sandeep},
	booktitle={Proceedings of the 22nd international conference on Software engineering},
	pages={178--187},
	year={2000},
	organization={ACM}
}

@book{csphoarebib,
	author = {Hoare, C. A. R.},
	title = {Communicating Sequential Processes},
	year = {1985},
	isbn = {0-13-153271-5},
	publisher = {Prentice-Hall, Inc.},
	address = {Upper Saddle River, NJ, USA}
} 

@INPROCEEDINGS{reobib,
	author = {F. Arbab and Farhad Arbab},
	title = {A Channel-Based Coordination Model for Component Composition},
	booktitle = {Mathematical Structures in Computer Science},
	year = {2002},
	pages = {329--366},
	publisher = {University Press}
}

@book{matlabbib,
	title={MATLAB: High-performance Numeric Computation and Visualization Software},
	author={User's Guide},
	year={1992},
	publisher={MathWorks}
}

@book{sdlbib,
	title = "{SDL} : formal object-oriented language for communicating systems",
	author = "Ellsberger, Jan and Sarma, Amardeo and Hogrefe, Dieter",
	publisher = "Prentice Hall",
	address = "Harlow, UK, New York, Paris",
	url = "http://opac.inria.fr/record=b1104645",
	isbn = "0-13-621384-7",
	year = 1997
}

@ARTICLE {giraultbib, 
	author={Girault, A. and Bilung Lee and Lee, E.A.}, 
	journal={Computer-Aided Design of Integrated Circuits and Systems, IEEE Transactions on}, title={Hierarchical finite state machines with multiple concurrency models}, 
	year={1999}, 
	volume={18}, 
	number={6}, 
	pages={742-760}, 
	keywords={concurrency theory;discrete event simulation;finite state machines;logic CAD;parallel languages;FSM semantics;concurrency semantics;dataflow modeling;discrete-events modeling;hierarchical FSM;hierarchical finite state machines;multiple concurrency models;synchronous/reactive modeling;Automata;Autonomous agents;Computational modeling;Concurrent computing;Control systems;Embedded system;Real time systems;Software systems;Strontium;Yarn}, 
	doi={10.1109/43.766725}, 
	ISSN={0278-0070}
}

@inproceedings{bipbib,
	author = {Bliudze, Simon and Sifakis, Joseph},
	title = {The Algebra of Connectors: Structuring Interaction in BIP},
	booktitle = {Proceedings of the 7th ACM \&Amp; IEEE International Conference on Embedded Software},
	series = {EMSOFT '07},
	year = {2007},
	isbn = {978-1-59593-825-1},
	location = {Salzburg, Austria},
	pages = {11--20},
	numpages = {10},
	url = {http://doi.acm.org/10.1145/1289927.1289935},
	doi = {10.1145/1289927.1289935},
	acmid = {1289935},
	publisher = {ACM},
	address = {New York, NY, USA}
}

@INPROCEEDINGS{semanicbackplane,
	author = {Gabor Simko and Tihamer Levendovszky and Sandeep Neema and Ethan Jackson and Ted Bapty and Joseph Porter and Janos Sztipanovits},
	title = {Foundation for model integration: Semantic backplane},
	booktitle = {ASME IDETC/CIE},
	year = {2012}
}

@article{metro2bib,
	author = {Davare, Abhijit and Densmore, Douglas and Guo, Liangpeng and Passerone, Roberto and Sangiovanni-Vincentelli, Alberto L. and Simalatsar, Alena and Zhu, Qi},
	title = {{metroII}: A Design Environment for Cyber-physical Systems},
	journal = {ACM TECS},
	year = {2013}
}

@INPROCEEDINGS{forsydebib, 
	author={Sander, I. and Jantsch, A. and Zhonghai Lu}, 
	booktitle={Design, Automation and Test in Europe Conference and Exhibition, 2003}, 
	title={Development and application of design transformations in ForSyDe [high level synthesis]}, 
	year={2003}, 
	pages={364-369}, 
	keywords={formal specification;high level synthesis;logic design;optimisation;ForSyDe methodology;contro/data-flow graphs;design transformations;formal semantics;formal specification model;high abstraction level system functionality;synthesis optimized implementation model;system level design;term characteristic function;transformational design refinement;Clocks;Computer architecture;Control system synthesis;Design methodology;Design optimization;Formal specifications;Hardware;High level synthesis;Mathematical model;System-level design}, 
	doi={10.1109/DATE.2003.1253635}, 
	ISSN={1530-1591}
}

@ARTICLE{frameworkleebib, 
	author={Lee, E.A. and Sangiovanni-Vincentelli, A.}, 
	journal={Computer-Aided Design of Integrated Circuits and Systems, IEEE Transactions on}, 
	title={A framework for comparing models of computation}, 
	year={1998}, 
	volume={17}, 
	number={12}, 
	pages={1217-1229}, 
	keywords={Petri nets;computation theory;concurrency theory;data flow graphs;discrete event systems;modelling;Kahn process network;Petri net;causality;computational model;concurrent sequential process;continuity;dataflow;denotational framework;determinacy;discrete event system;meta model;rendezvous;sequential process;synchronous event;synchronous signal;value-tag pair;Computational modeling;Computer networks;Concurrent computing;Councils;Discrete event systems;Impedance;Mathematical model;National electric code;Petri nets;Signal processing}, 
	doi={10.1109/43.736561}, 
	ISSN={0278-0070}
}

@INPROCEEDINGS{compoclassdiagrambib, 
	author={Baniassad, E. and Clarke, S.}, 
	booktitle={Software Engineering, 2004. ICSE 2004. Proceedings. 26th International Conference on}, 
	title={Theme: an approach for aspect-oriented analysis and design}, 
	year={2004}, 
	month={May}, 
	pages={158-167}, 
	keywords={formal specification;object-oriented programming;system documentation;aspect-oriented analysis;aspect-oriented design;crosscutting behavior;requirements documentation;Computer science;Debugging;Documentation;Educational institutions;Operating systems;Prefetching;Process design;Scattering;Software engineering;Unified modeling language}, 
	doi={10.1109/ICSE.2004.1317438}, 
	ISSN={0270-5257}
	}
	
	@INPROCEEDINGS{compostatechartsbib, 
		author={Nejati, S. and Sabetzadeh, M. and Chechik, M. and Easterbrook, S. and Zave, P.}, 
		booktitle={Software Engineering, 2007. ICSE 2007. 29th International Conference on}, 
		title={Matching and Merging of Statecharts Specifications}, 
		year={2007}, 
		month={May}, 
		pages={54-64}, 
		keywords={formal specification;AT&T telecommunication features;hierarchical statecharts;hierarchical structure;match operator;merge operator;statecharts specifications;Computer science;Laboratories;Machine learning;Merging;Performance analysis;Performance gain;Software engineering;Software systems;Visual databases;Vocabulary}, 
		doi={10.1109/ICSE.2007.50}, 
		ISSN={0270-5257}
		}
		
		@inproceedings{composdbib,
			TITLE = {{Semantic-based weaving of scenarios}},
			AUTHOR = {Klein, Jacques and H{\'e}lou{\"e}t, Lo{\"i}c and J{\'e}z{\'e}quel, Jean-Marc},
			URL = {https://hal.inria.fr/hal-00921480},
			BOOKTITLE = {{Proceedings of the 5th International Conference on Aspect-Oriented Software Development}},
			ADDRESS = {Bonn, Germany},
			EDITOR = {Robert E. Filman},
			PUBLISHER = {{ACM}},
			PAGES = {27-38},
			YEAR = {2006},
			MONTH = Mar,
			DOI = {10.1145/1119655.1119662},
			HAL_ID = {hal-00921480},
			HAL_VERSION = {v1}
		}


@article{weavingbib,
	hal_id = {inria-00468233},
	url = {http://hal.inria.fr/inria-00468233},
	title = {{Model Driven Design and Aspect Weaving}},
	author = {J{\'e}z{\'e}quel, Jean-Marc},
	abstract = {{A model is a simplified representation of an aspect of the world for a specific purpose. In complex systems, many aspects are to be handled, from architectural aspects to dynamic behavior, functionalities, user-interface, and extra-functional concerns (such as security, reliability, timeliness, etc.) For software systems, the design process can then be characterized as the weaving of all these aspects into a detailed design model. Model Driven Design aims at automating this weaving process, that is automatically deriving software systems from theirs models. This paper explores the relationship between modeling and aspect weaving. It points out some of the challenges related to such automatic model weaving, illustrating them with the example of a weaving process for behavioral models represented as scenarios}},
	language = {Anglais},
	affiliation = {TRISKELL - INRIA - IRISA},
	publisher = {Springer},
	pages = {209--218},
	journal = {Journal of Software and Systems Modeling (SoSyM)},
	volume = {7},
	number = {2 },
	audience = {internationale },
	year = {2008},
	pdf = {http://hal.inria.fr/inria-00468233/PDF/sosymexp.pdf}
}

@INPROCEEDINGS{AspectJoverview,
	author = {Gregor Kiczales and Erik Hilsdale and Jim Hugunin and Mik Kersten and Jeffrey Palm and William G. Griswold},
	title = {An Overview of AspectJ},
	booktitle = {},
	year = {2001},
	pages = {327--353},
	publisher = {Springer-Verlag}
}

@phdthesis {HardebolleThese2008,
	author = {Cécile Hardebolle},
	title = {{Composition de modèles pour la modélisation multi-paradigme du comportement des systèmes}},
	school = {Université Paris-Sud XI, UFR Scientifique d'Orsay},
	month = {November},
	year = {2008},
	number = {9249},
}

@inproceedings {semanticadaptlang,
	title = { {A DSL for Explicit Semantic Adaptation} },
	author = { Bart Meyers and Joachim Denil and Frédéric Boulanger and Cécile Hardebolle and Christophe Jacquet and Hans Vangheluwe},
	language = { English },
	affiliation = { Supélec Sciences des Systèmes - EA4454 - E3S },
	booktitle = { {Proceedings of MPM 2013, Workshop on Multi-Paradigm Modeling} },
	pages = { 10 pages },
	address = { Miami, Florida, USA },
	audience = { internationale },
	year = { 2013 },
	month = { Sep },
}

@inproceedings {semanticadaptccsl,
	author = {Frédéric Boulanger and Ayman Dogui and Cécile Hardebolle and Christophe Jacquet and Dominique Marcadet and Iuliana Prodan},
	title = {{Semantic Adaptation using CCSL Clock Constraints}},
	booktitle = {{Proceedings of the 5th International Workshop on Multi-Paradigm Modeling at MODELS 2011}},
	editor = {Vasco Amaral and Peter Bunüs and Cécile Hardebolle and Lazlo Lengyel},
	place = {Wellington, NZ},
	date = {16-18 October 2011},
	year = {2011},
	publisher = {Electronic Communications of the EASST},
	issn = {1863-2122},
}

@ARTICLE {giraultcompo, 
	author={Girault, A. and Bilung Lee and Lee, E.A.}, 
	journal={IEEE TCAD}, 
	title={Hierarchical finite state machines with multiple concurrency models}, 
	year={1999}
}

@inproceedings{gaborpolyglot,
	author = {Balasubramanian, Daniel and P\u{a}s\u{a}reanu, Corina S. and Whalen, Michael W. and Karsai, G\'{a}bor and Lowry, Michael},
	title = {Polyglot: Modeling and Analysis for Multiple Statechart Formalisms},
	booktitle = {ISSTA},
	year = {2011}
} 

@inproceedings{sle13-combemale,
	hal_id = {hal-00850770},
	title = {{Reifying Concurrency for Executable Metamodeling}},
	author = {Combemale, Benoit and Deantoni, Julien and Vara Larsen, Matias and Mallet, Fr{'e}d{'e}ric and Barais, Olivier and Baudry, Benoit and France, Robert},
	booktitle = {SLE},
	year = {2013}
}

@phdthesis{clavreulmodelcompo,
	TITLE = {{Model and Metamodel Composition: Separation of Mapping and Interpretation for Unifying Existing Model Composition Techniques}},
	AUTHOR = {Clavreul, Micka{\"e}l},
	URL = {https://tel.archives-ouvertes.fr/tel-00646893},
	NOTE = {final draft},
	SCHOOL = {{Universit{\'e} Rennes 1}},
	YEAR = {2011},
	MONTH = Dec,
	KEYWORDS = {Software ; Reuse ; Software Engineering ; Model-driven software engineering ; Semiotics ; Systematic literature review ; Logiciels ; R{\'e}utilisation ; G{\'e}nie Logiciel ; Ing{\'e}nierie dirig{\'e}e par les mod{\`e}les ; S{\'e}miotique ; Interpr{\'e}tations ; Revue syst{\'e}matique},
	TYPE = {Theses},
	PDF = {https://tel.archives-ouvertes.fr/tel-00646893/file/these.pdf},
	HAL_ID = {tel-00646893},
	HAL_VERSION = {v1},
}

@techreport{moccmlbib,
	TITLE = {{Operational Semantics of the Model of Concurrency and Communication Language}},
	AUTHOR = {Deantoni, Julien and Diallo, Papa Issa and Champeau, Jo{\"e}l and Combemale, Benoit and Teodorov, Ciprian},
	URL = {https://hal.inria.fr/hal-01060601},
	TYPE = {Research Report},
	NUMBER = {RR-8584},
	PAGES = {23},
	INSTITUTION = {{INRIA}},
	YEAR = {2014},
	MONTH = Sep,
	KEYWORDS = {Operational semantics ; meta language ; MoC ; language semantics ; concurrency},
	PDF = {https://hal.inria.fr/hal-01060601/file/RR-8584.pdf},
	HAL_ID = {hal-01060601},
	HAL_VERSION = {v2},
}


@techreport{ambabus,
	title={AMBA Specification (rev2.0) and Multi layer AHB specification},
	author={User's Guide},
	year={2001},
	publisher={ARM},
	URL = {http://www.arm.com}
}


@TechReport{ccslbib,
	author = {C. Andr{\'e}},
	title =  {{Syntax and Semantics of the Clock Constraint
	Specification Language (CCSL)}},
	YEAR = {2009}
}

@inproceedings{timesquarebib,
	TITLE = {{TimeSquare: Treat your Models with Logical Time}},
	AUTHOR = {Deantoni, Julien and Mallet, Fr{\'e}d{\'e}ric},
	BOOKTITLE = {{TOOLS}},
	YEAR = {2012}
}

@article{elsurveybib,
	title={A Survey of Modeling Approaches forEmbedded Computer Control Systems},
	author={El-khoury, Jad and Chen, DeJiu and T{\"o}rngren, Martin},
	year={2003},
	publisher={KTH}
}

@phdthesis {hardebollethese,
	author = {Cécile Hardebolle},
	title = {{Composition de modèles pour la modélisation multi-paradigme du comportement des systèmes}},
	school = {Université Paris-Sud XI, UFR Scientifique d'Orsay},
	month = {November},
	year = {2008},
	number = {9249},
}

@inproceedings{framecompoas,
	author = {Jeanneret, C{\'e}dric and France, Robert and Baudry, Benoit},
	title = {A Reference Process for Model Composition},
	booktitle = {Proceedings of the 2008 AOSD Workshop on Aspect-oriented Modeling},
	series = {AOM '08},
	year = {2008},
	isbn = {978-1-60558-145-3},
	location = {Brussels, Belgium},
	pages = {1--6},
	numpages = {6},
	url = {http://doi.acm.org/10.1145/1404920.1404921},
	doi = {10.1145/1404920.1404921},
	acmid = {1404921},
	publisher = {ACM},
	address = {New York, NY, USA},
	keywords = {composition, model, process},
} 

@article{sequenceweavingbib,
	TITLE = {{Weaving Multiple Aspects in Sequence Diagrams}},
	AUTHOR = {Klein, Jacques and Fleurey, Franck and J{\'e}z{\'e}quel, Jean-Marc},
	URL = {https://hal.inria.fr/inria-00505223},
	JOURNAL = {{Transactions on Aspect-Oriented Software Development (TAOSD)}},
	PUBLISHER = {{Springer}},
	VOLUME = {LNCS 4620},
	PAGES = {167-199},
	YEAR = {2007},
	PDF = {https://hal.inria.fr/inria-00505223/file/Klein07a.pdf},
	HAL_ID = {inria-00505223},
	HAL_VERSION = {v1},
}
